@article{nielsen2011genotype,
  title={Genotype and SNP calling from next-generation sequencing data},
  author={Nielsen, Rasmus and Paul, Joshua S and Albrechtsen, Anders and Song, Yun S},
  journal={Nature Reviews Genetics},
  volume={12},
  number={6},
  pages={443--451},
  year={2011},
  publisher={Nature Publishing Group}
}
@article{grant1980use,
  title={Use of biochemical genetic variants for identification of sockeye salmon (Oncorhynchus nerka) stocks in Cook Inlet, Alaska},
  author={Grant, William Stewart and Milner, George B and Krasnowski, P and Utter, Fred M},
  journal={Canadian Journal of Fisheries and Aquatic Sciences},
  volume={37},
  number={8},
  pages={1236--1247},
  year={1980},
  publisher={NRC Research Press Ottawa, Canada}
}
@article{alex2013population,
  title={Population genomics based on low coverage sequencing: how low should we go?},
  author={Buerkle, Alex C and Gompert, Zachariah},
  journal={Molecular ecology},
  volume={22},
  number={11},
  pages={3028--3035},
  year={2013},
  publisher={Wiley Online Library}
}
@article{manel2005assignment,
  title={Assignment methods: matching biological questions with appropriate techniques},
  author={Manel, Stephanie and Gaggiotti, Oscar E and Waples, Robin S},
  journal={Trends in Ecology \& Evolution},
  volume={20},
  number={3},
  pages={136--142},
  year={2005},
  publisher={Elsevier}
}
@article{paetkau1995microsatellite,
  title={Microsatellite analysis of population structure in Canadian polar bears},
  author={Paetkau, D and Calvert, W and Stirling, I and Strobeck, C},
  journal={Molecular Ecology},
  volume={4},
  number={3},
  pages={347--354},
  year={1995},
  publisher={Wiley Online Library}
}
@article{lou2021beginner,
  title={A beginner's guide to low-coverage whole genome sequencing for population genomics},
  author={Lou, Runyang Nicolas and Jacobs, Arne and Wilder, Aryn P and Therkildsen, Nina Overgaard},
  journal={Molecular Ecology},
  volume={30},
  number={23},
  pages={5966--5993},
  year={2021},
  publisher={Wiley Online Library}
}

@article{fumagalli2013assessing,
  title={Assessing the effect of sequencing depth and sample size in population genetics inferences},
  author={Fumagalli, Matteo},
  journal={PloS one},
  volume={8},
  number={11},
  pages={e79667},
  year={2013},
  publisher={Public Library of Science San Francisco, USA}
}

@article{fisher1922mathematical,
  title={On the mathematical foundations of theoretical statistics},
  author={Fisher, Ronald A},
  journal={Philosophical transactions of the Royal Society of London. Series A, containing papers of a mathematical or physical character},
  volume={222},
  number={594-604},
  pages={309--368},
  year={1922},
  publisher={The Royal Society London}
}

@article{kelleher2016efficient,
  title={Efficient coalescent simulation and genealogical analysis for large sample sizes},
  author={Kelleher, Jerome and Etheridge, Alison M and McVean, Gilean},
  journal={PLoS computational biology},
  volume={12},
  number={5},
  pages={e1004842},
  year={2016},
  publisher={Public Library of Science San Francisco, CA USA}
}

@article{korneliussen2014angsd,
  title={ANGSD: analysis of next generation sequencing data},
  author={Korneliussen, Thorfinn Sand and Albrechtsen, Anders and Nielsen, Rasmus},
  journal={BMC bioinformatics},
  volume={15},
  number={1},
  pages={1--13},
  year={2014},
  publisher={BioMed Central}
}

@article{skotte2013estimating,
  title={Estimating individual admixture proportions from next generation sequencing data},
  author={Skotte, Line and Korneliussen, Thorfinn Sand and Albrechtsen, Anders},
  journal={Genetics},
  volume={195},
  number={3},
  pages={693--702},
  year={2013},
  publisher={Oxford University Press}
}

@article{fumagalli2013quantifying,
  title={Quantifying population genetic differentiation from next-generation sequencing data},
  author={Fumagalli, Matteo and Vieira, Filipe G and Korneliussen, Thorfinn Sand and Linderoth, Tyler and Huerta-S{\'a}nchez, Emilia and Albrechtsen, Anders and Nielsen, Rasmus},
  journal={Genetics},
  volume={195},
  number={3},
  pages={979--992},
  year={2013},
  publisher={Oxford University Press}
}

@article{kim2011estimation,
  title={Estimation of allele frequency and association mapping using next-generation sequencing data},
  author={Kim, Su Yeon and Lohmueller, Kirk E and Albrechtsen, Anders and Li, Yingrui and Korneliussen, Thorfinn and Tian, Geng and Grarup, Niels and Jiang, Tao and Andersen, Gitte and Witte, Daniel and others},
  journal={BMC bioinformatics},
  volume={12},
  pages={1--16},
  year={2011},
  publisher={Springer}
}

@article{nielsen2012snp,
  title={SNP calling, genotype calling, and sample allele frequency estimation from new-generation sequencing data},
  author={Nielsen, Rasmus and Korneliussen, Thorfinn and Albrechtsen, Anders and Li, Yingrui and Wang, Jun},
  journal={PLoS ONE},
  year={2012},
  publisher={Public Library of Science San Francisco, USA}
}

@article{ruegg2014mapping,
  title={Mapping migration in a songbird using high-resolution genetic markers},
  author={Ruegg, Kristen C and Anderson, Eric C and Paxton, Kristina L and Apkenas, Vanessa and Lao, Sirena and Siegel, Rodney B and DeSante, David F and Moore, Frank and Smith, Thomas B},
  journal={Molecular Ecology},
  volume={23},
  number={23},
  pages={5726--5739},
  year={2014},
  publisher={Wiley Online Library}
}

@article{desaix2019population,
  title={Population assignment reveals low migratory connectivity in a weakly structured songbird},
  author={DeSaix, Matthew G and Bulluck, Lesley P and Eckert, Andrew J and Viverette, Catherine B and Boves, Than J and Reese, Jessica A and Tonra, Christopher M and Dyer, Rodney J},
  journal={Molecular Ecology},
  volume={28},
  number={9},
  pages={2122--2135},
  year={2019},
  publisher={Wiley Online Library}
}

@article{benestan2015rad,
  title={RAD genotyping reveals fine-scale genetic structuring and provides powerful population assignment in a widely distributed marine species, the American Lobster (Homarus americanus)},
  author={Benestan, Laura and Gosselin, Thierry and Perrier, Charles and Sainte-Marie, Bernard and Rochette, R{\'e}my and Bernatchez, Louis},
  journal={Molecular ecology},
  volume={24},
  number={13},
  pages={3299--3315},
  year={2015},
  publisher={Wiley Online Library}
}

@article{korneliussen2015ngsrelate,
  title={NgsRelate: a software tool for estimating pairwise relatedness from next-generation sequencing data},
  author={Korneliussen, Thorfinn Sand and Moltke, Ida},
  journal={Bioinformatics},
  volume={31},
  number={24},
  pages={4009--4011},
  year={2015},
  publisher={Oxford University Press}
}

@article{fumagalli2014ngstools,
  title={ngsTools: methods for population genetics analyses from next-generation sequencing data},
  author={Fumagalli, Matteo and Vieira, Filipe G and Linderoth, Tyler and Nielsen, Rasmus},
  journal={Bioinformatics},
  volume={30},
  number={10},
  pages={1486--1487},
  year={2014},
  publisher={Oxford University Press}
}

@article{vieira2013estimating,
  title={Estimating inbreeding coefficients from NGS data: impact on genotype calling and allele frequency estimation},
  author={Vieira, Filipe G and Fumagalli, Matteo and Albrechtsen, Anders and Nielsen, Rasmus},
  journal={Genome research},
  volume={23},
  number={11},
  pages={1852--1861},
  year={2013},
  publisher={Cold Spring Harbor Lab}
}

@article{Dempsteretal1977,
	Author = {Dempster, A P and Laird, N M and Rubin, D B},
	Journal = {Journal of the Royal Statistical Society, Series B},
	Pages = {1-38},
	Title = {{Maximum likelihood from incomplete data via the EM algorithm (with discussion)}},
	Volume = {39},
	Year = {1977}}

@article{rannala1997detecting,
  title={Detecting immigration by using multilocus genotypes},
  author={Rannala, Bruce and Mountain, Joanna L},
  journal={Proceedings of the National Academy of Sciences},
  volume={94},
  number={17},
  pages={9197--9201},
  year={1997},
  publisher={National Acad Sciences}
}

@article{meisner2018inferring,
  title={Inferring population structure and admixture proportions in low-depth NGS data},
  author={Meisner, Jonas and Albrechtsen, Anders},
  journal={Genetics},
  volume={210},
  number={2},
  pages={719--731},
  year={2018},
  publisher={Oxford University Press}
}

@article{mckenna2010genome,
  title={The Genome Analysis Toolkit: a MapReduce framework for analyzing next-generation DNA sequencing data},
  author={McKenna, Aaron and Hanna, Matthew and Banks, Eric and Sivachenko, Andrey and Cibulskis, Kristian and Kernytsky, Andrew and Garimella, Kiran and Altshuler, David and Gabriel, Stacey and Daly, Mark and others},
  journal={Genome research},
  volume={20},
  number={9},
  pages={1297--1303},
  year={2010},
  publisher={Cold Spring Harbor Lab}
}

@article{li2011statistical,
  title={A statistical framework for SNP calling, mutation discovery, association mapping and population genetical parameter estimation from sequencing data},
  author={Li, Heng},
  journal={Bioinformatics},
  volume={27},
  number={21},
  pages={2987--2993},
  year={2011},
  publisher={Oxford University Press}
}

@article{li2009sequence,
  title={The sequence alignment/map format and SAMtools},
  author={Li, Heng and Handsaker, Bob and Wysoker, Alec and Fennell, Tim and Ruan, Jue and Homer, Nils and Marth, Gabor and Abecasis, Goncalo and Durbin, Richard},
  journal={bioinformatics},
  volume={25},
  number={16},
  pages={2078--2079},
  year={2009},
  publisher={Oxford University Press}
}

@article{thompson2020complex,
  title={A complex phenotype in salmon controlled by a simple change in migratory timing},
  author={Thompson, Neil F and Anderson, Eric C and Clemento, Anthony J and Campbell, Matthew A and Pearse, Devon E and Hearsey, James W and Kinziger, Andrew P and Garza, John Carlos},
  journal={Science},
  volume={370},
  number={6516},
  pages={609--613},
  year={2020},
  publisher={American Association for the Advancement of Science}
}


@article{pella2006gibbs,
  title={The gibbs and split merge sampler for population mixture analysis from genetic data with incomplete baselines},
  author={Pella, Jerome and Masuda, Michele},
  journal={Canadian Journal of Fisheries and Aquatic Sciences},
  volume={63},
  number={3},
  pages={576--596},
  year={2006},
  publisher={NRC Research Press Ottawa, Canada}
}

@article{falush2003inference,
  title={Inference of population structure using multilocus genotype data: linked loci and correlated allele frequencies},
  author={Falush, Daniel and Stephens, Matthew and Pritchard, Jonathan K},
  journal={Genetics},
  volume={164},
  number={4},
  pages={1567--1587},
  year={2003},
  publisher={Oxford University Press}
}

@article{mas2022fast,
  title={Fast and accurate estimation of multidimensional site frequency spectra from low-coverage high-throughput sequencing data},
  author={Mas-Sandoval, Alex and Pope, Nathaniel S and Nielsen, Knud Nor and Altinkaya, Isin and Fumagalli, Matteo and Korneliussen, Thorfinn Sand},
  journal={GigaScience},
  volume={11},
  year={2022},
  publisher={Oxford Academic}
}

@article{larribe2011composite,
  title={On composite likelihoods in statistical genetics},
  author={Larribe, Fabrice and Fearnhead, Paul},
  journal={Statistica Sinica},
  pages={43--69},
  year={2011},
  publisher={JSTOR}
}

@article{danecek2021twelve,
  title={Twelve years of SAMtools and BCFtools},
  author={Danecek, Petr and Bonfield, James K and Liddle, Jennifer and Marshall, John and Ohan, Valeriu and Pollard, Martin O and Whitwham, Andrew and Keane, Thomas and McCarthy, Shane A and Davies, Robert M and others},
  journal={Gigascience},
  volume={10},
  number={2},
  pages={giab008},
  year={2021},
  publisher={Oxford University Press}
}

@manual{Rcore,
    title = {R: A Language and Environment for Statistical Computing},
    author = {{R Core Team}},
    organization = {R Foundation for Statistical Computing},
    address = {Vienna, Austria},
    year = {2022},
    url = {https://www.R-project.org/},
  }
  
@article{smouse1990genetic,
  title={A genetic mixture analysis for use with incomplete source population data},
  author={Smouse, Peter E and Waples, Robin S and Tworek, Joseph A},
  journal={Canadian Journal of Fisheries and Aquatic Sciences},
  volume={47},
  number={3},
  pages={620--634},
  year={1990},
  publisher={NRC Research Press Ottawa, Canada}
}
@article{seeb2007development,
  title={Development of a standardized DNA database for Chinook salmon},
  author={Seeb, LW and Antonovich, A and Banks, Michael A and Beacham, TD and Bellinger, MR and Blankenship, SM and Campbell, MR and Decovich, NA and Garza, JC and Guthrie Iii, CM and others},
  journal={Fisheries},
  volume={32},
  number={11},
  pages={540--552},
  year={2007},
  publisher={Taylor \& Francis}
}
@article{larison2021leveraging,
  title={Leveraging genomics to understand threats to migratory birds},
  author={Larison, Brenda and Lindsay, Alec R and Bossu, Christen and Sorenson, Michael D and Kaplan, Joseph D and Evers, David C and Paruk, James and DaCosta, Jeffrey M and Smith, Thomas B and Ruegg, Kristen},
  journal={Evolutionary applications},
  volume={14},
  number={6},
  pages={1646--1658},
  year={2021},
  publisher={Wiley Online Library}
}
@article{schweizer2023cost,
  title={Cost-effective library preparation for whole genome sequencing with feather DNA},
  author={Schweizer, Teia M and DeSaix, Matthew G},
  journal={Conservation Genetics Resources},
  pages={1--8},
  year={2023},
  publisher={Springer}
}
@article{therkildsen2017practical,
  title={Practical low-coverage genomewide sequencing of hundreds of individually barcoded samples for population and evolutionary genomics in nonmodel species},
  author={Therkildsen, Nina Overgaard and Palumbi, Stephen R},
  journal={Molecular ecology resources},
  volume={17},
  number={2},
  pages={194--208},
  year={2017},
  publisher={Wiley Online Library}
}
@book{maritz2018empirical,
  title={Empirical Bayes methods with applications},
  author={Maritz, Johannes S},
  year={2018},
  publisher={CRC Press}
}
@article{cornuet1999new,
  title={New methods employing multilocus genotypes to select or exclude populations as origins of individuals},
  author={Cornuet, Jean-Marie and Piry, Sylvain and Luikart, Gordon and Estoup, Arnaud and Solignac, Michel},
  journal={Genetics},
  volume={153},
  number={4},
  pages={1989--2000},
  year={1999},
  publisher={Oxford University Press}
}

@article{bay2021genetic,
  title={Genetic variation reveals individual-level climate tracking across the annual cycle of a migratory bird},
  author={Bay, Rachael A and Karp, Daniel S and Saracco, James F and Anderegg, William RL and Frishkoff, Luke O and Wiedenfeld, David and Smith, Thomas B and Ruegg, Kristen},
  journal={Ecology Letters},
  volume={24},
  number={4},
  pages={819--828},
  year={2021},
  publisher={Wiley Online Library}
}

@article{li2009fast,
  title={Fast and accurate short read alignment with Burrows--Wheeler transform},
  author={Li, Heng and Durbin, Richard},
  journal={bioinformatics},
  volume={25},
  number={14},
  pages={1754--1760},
  year={2009},
  publisher={Oxford University Press}
}
@article{hanghoj2019fast,
  title={Fast and accurate relatedness estimation from high-throughput sequencing data in the presence of inbreeding},
  author={Hangh{\o}j, Kristian and Moltke, Ida and Andersen, Philip Alstrup and Manica, Andrea and Korneliussen, Thorfinn Sand},
  journal={Gigascience},
  volume={8},
  number={5},
  pages={giz034},
  year={2019},
  publisher={Oxford University Press}
}
@article{gibbs2000limited,
  title={Limited differentiation in microsatellite DNA variation among northern populations of the yellow warbler: evidence for male-biased gene flow?},
  author={Gibbs, H Lisle and Dawson, Robert JG and Hobson, Keith A},
  journal={Molecular Ecology},
  volume={9},
  number={12},
  pages={2137--2147},
  year={2000},
  publisher={Wiley Online Library}
}
@article{sayers2022genbank,
  title={GenBank},
  author={Sayers, Eric W and Cavanaugh, Mark and Clark, Karen and Pruitt, Kim D and Schoch, Conrad L and Sherry, Stephen T and Karsch-Mizrachi, Ilene},
  journal={Nucleic acids research},
  volume={50},
  number={D1},
  pages={D161},
  year={2022},
  publisher={Oxford University Press}
}

@article{piry2004geneclass2,
  title={GENECLASS2: a software for genetic assignment and first-generation migrant detection},
  author={Piry, Sylvain and Alapetite, Alexandre and Cornuet, J-M and Paetkau, David and Baudouin, Luc and Estoup, Arnaud},
  journal={Journal of heredity},
  volume={95},
  number={6},
  pages={536--539},
  year={2004},
  publisher={Oxford University Press}
}

@article{nicholson2002assessing,
  title={Assessing population differentiation and isolation from single-nucleotide polymorphism data},
  author={Nicholson, George and Smith, Albert V and J{\'o}nsson, Frosti and G{\'u}stafsson, {\'O}mar and Stef{\'a}nsson, K{\'a}ri and Donnelly, Peter},
  journal={Journal of the Royal Statistical Society Series B: Statistical Methodology},
  volume={64},
  number={4},
  pages={695--715},
  year={2002},
  publisher={Oxford University Press}
}

@article{anderson2002model,
  title={A model-based method for identifying species hybrids using multilocus genetic data},
  author={Anderson, EC and Thompson, EA},
  journal={Genetics},
  volume={160},
  number={3},
  pages={1217--1229},
  year={2002},
  publisher={Oxford University Press}
}

@book{casella2021statistical,
  title={Statistical inference},
  author={Casella, George and Berger, Roger L},
  year={2021},
  publisher={Cengage Learning}
}

@article{wang2017computer,
  title={The computer program structure for assigning individuals to populations: easy to use but easier to misuse},
  author={Wang, Jinliang},
  journal={Molecular ecology resources},
  volume={17},
  number={5},
  pages={981--990},
  year={2017},
  publisher={Wiley Online Library}
}
